<?xml version="1.0" encoding="UTF-8"?><collection xmlns="http://www.loc.gov/MARC21/slim"><record><leader>00588nam--2200145-i-4500</leader><controlfield tag="001">000016023</controlfield><controlfield tag="002">20161230</controlfield><controlfield tag="005">20161230201031</controlfield><controlfield tag="008">060222s1000------------r-----000-0-eng-d</controlfield><datafield ind1=" " ind2=" " tag="080"><subfield code="a">519.68</subfield></datafield><datafield ind1=" " ind2=" " tag="100"><subfield code="a">Buhtiiarov, A.M., Zikevskaia, L.M.And Frolov, G.D</subfield></datafield><datafield ind1=" " ind2=" " tag="245"><subfield code="a">Culegere de probleme de programare.375 problem e cu rezolvari.traducere din limba rusa dupa e ditia a ii-a revizuita cu completari si adapta ri la conditiile din tara noastra</subfield></datafield><datafield ind1=" " ind2=" " tag="260"><subfield code="a">Bucuresti, Editura Tehnica, 1973. 368 P</subfield></datafield><datafield ind1=" " ind2=" " tag="490"><subfield code="a">Seria Practica Automatica, Electronica, Inform Atica, Management</subfield></datafield><datafield ind1=" " ind2=" " tag="852"><subfield code="a">76674</subfield></datafield></record></collection>